@INPROCEEDINGS{Griffith05,
    author = {Matthew Browne and Michael Blumenstein and Rodger Tomlinson and Darrell Strauss},
    title = {An intelligent system for remote monitoring and prediction of beach conditions},
    booktitle = {Proceedings of the International Conference on Artificial Intelligence and Applications},
    publisher = {ACTA Press},
    year = {2005},
    pages = {533-537},
    address = {Innsbruck},
}

@INPROCEEDINGS{Griffith10,
	author = {Christopher Lane and Yaniv Gal and Matthew Browne and Andrew Short and Darrell Strauss and Rodger Tomlinson and Kathryn Jackson and Clarence Tan and Michael Blumenstein},
	title = "A new system for breakzone location and the measurement of breaking wave heights and periods.",
	booktitle = {Geoscience and Remote Sensing Symposium (IGARSS), 2010 IEEE International},
	publisher = {IEEE},
	year = {2010},
	pages = {2234-2236},
	address = {Honolulu},
}

@INPROCEEDINGS{Griffith11,
	author = {Christopher Lane and Yaniv Gal and Matthew Browne},
	title = "Automatic Estimation of Nearshore Wave Height from Video Timestacks",
	booktitle = {Digital Image Computing Techniques and Applications (DICTA), 2011 International Conference on},
	publisher = {IEEE},
	year = {2011},
	pages = {364-369},
	address = {Noosa},
}

@ARTICLE{Griffith14,
	author = {Christopher Lane and Yaniv Gal and Matthew Browne},
	title = "Long-Term Automated Monitoring of Nearshore Wave Height From Digital Video",
	journal = {IEEE Transactions on Geoscience and Remote Sensing},
	volume = {52},
	year = {2014},
	pages = {3412-3420}
}

@BOOK{Gonzalez92,
	AUTHOR = "GONZALEZ R., WOODS, E.",
	TITLE = "Digital Image Processing, 2nd Edition",
	PUBLISHER = "Prentice Hall", 
	YEAR = "1992",
	ADDRESS = "New Jersey",
}

@BOOK{Jahne02,
	author = {Bernd Jähne},
	title = "Digital Image Processing",
	publisher = "Springer-Verlag",
	year = "2002",
	address = "Berlin",
}

@ARTICLE{Holland97,
	author = {K. Todd Holland and Robert A. Holman and Thomas C. Lippmann and John Stanley and Nathaniel Plant},
	title = "Practical Use of Video Imagery in Nearshore Oceanographic Field Studies",
	journal = "IEEE Journal of Oceanic Engineering",
	year = "1997",
	pages = "81-92",
}

@MISC{Rico17,
	author = {Rico de Souza},
	title = "http://ricosurf.com.br/boletim-das-ondas/zona-oeste-rj/praia-grumari/",
	howpublished = "http://ricosurf.com.br/",
	year = "2017",
	note = "(Acesso em 06 Junho 2017)",
}

@ARTICLE{Canny86,
	title = "A Computational Approach to Edge Detection",
	author = {John Canny},
	journal = {IEEE Transactions on Pattern Analysis and Machine Intelligence},
	volume = {PAMI-8},
	year = {1986},
	publisher = {IEEE},
	pages = {679-698},
}

@ARTICLE{Juneja09,
	title = "Performance Evaluation of Edge Detection Techniques for Images in Spatial Domain",
	author = {Mamta Juneja and Parvinder Singh Sandhu},
	journal = {International Journal of Computer Theory and Engineering},
	volume = {1},
	year = {2009},
	publisher = {IJCTE},
	pages = {614-621},
}

@MISC{Fusiello,
	author = {Andrea Fusiello},
	title = "Elements of Geometric Computer Vision",
	howpublished = "http://homepages.inf.ed.ac.uk/rbf/CVonline/LOCAL\_COPIES/FUSIELLO4/tutorial.html",
	year = "2017",
	note = "(Acesso em 10 Junho 2017)",
}

@MISC{Ho2014,
	author = {Nghia Ho},
	title =  "SIMPLE VIDEO STABILIZATION USING OPENCV",
	howpublished = "http://nghiaho.com/?p=2093",
	year = "2014",
	note = "(Acesso em 04 Abril 2017)",
}

@article{Suzuki85,
	author = {Satoshi Suzuki and Keiichi Abe},
	journal = {Computer Vision, Graphics, and Image Processing},
	number = 1,
	pages = {32-46},
	title = {Topological structural analysis of digitized binary images by border following.},
	volume = 30,
	year = 1985
}

@misc{RaspberryCamera,
	author = "Raspberry Pi Foundation",
	title = "Camera Module",
	howpublished = "https://www.raspberrypi.org/documentation/hardware/camera/",
	year = "2017",
	note = "(Acesso em 15 Julho 2017)",
}

@misc{OpenCVOrg,
	author = "OpenCV",
	title = "OpenCV Home Page",
	howpublished = "http://opencv.org/",
	year = "2017",
	note = "(Acesso em 20 Julho 2017)",
}

@misc{OpenCVAbout,
	author = "OpenCV",
	title = "OpenCV About",
	howpublished = "http://opencv.org/about.html",
	year = "2017",
	note = "(Acesso em 20 Julho 2017)",
}

@misc{OpenCVMat,
	author = "OpenCV",
	title = "Mat Class Reference",
	howpublished = "http://docs.opencv.org/3.1.0/d3/d63/classcv\_1\_1Mat.html",
	year = "2017",
	note = "(Acesso em 20 Julho 2017)",
}

@misc{Bourke,
	author = {Paul Bourke},
	title = "Field of View and Focal Length",
	howpublished = "http://paulbourke.net/miscellaneous/lens/",
	year = "2013",
	note = "(Acesso em 21 Julho 2017)",
}

@INPROCEEDINGS{Hwang2016,
	author = {Paul Hwang and Ivan Savelyev and Magdalena Anguelova},
	title = {Breaking waves and near-surface sea spray aerosol dependence on changing winds: Wave breaking efficiency and bubble-related air-sea interaction processes},
	booktitle = {IOP Conf. Series: Earth and Environmental Science 35},
	publisher = {IOP Publishing},
	address = {Seattle},
	year = {2016},
	doi = {10.1088/1755-1315/35/1/012004},
}

@inproceedings{Oliva2010,
	author = {Fábio Guimarães Oliva},
	title = {Comportamento Sazonal das Marés de Sizígia na Praia de Itacoatiara, Niterói/RJ.},
	journal = {Anais XVI Encontro Nacional dos Geógrafos realizado de 25 à 31 de julho de 2010},
	publisher = {Associação de Geógrafos Brasileiros},
	address = {Porto Alegre},
	year = {2010},
}

@article{Otsu1979,
	author = {Nobuyuki Otsu},
	journal = {IEEE Transactions on Systems, Man, and Cybernetics},
	title = {A Threshold Selection Method from Gray-Level Histograms},
	volume = 9,
	number = 1,
	pages = {62-66},
	year = 1979,
	publisher = {IEEE},
}